@article {SIM:SIM4780080903,
author = {Willett, Walter},
title = {An overview of issues related to the correction of non-differential exposure measurement error in epidemiologic studies},
journal = {Statistics in Medicine},
volume = {8},
number = {9},
publisher = {Wiley Subscription Services, Inc., A Wiley Company},
issn = {1097-0258},
url = {http://dx.doi.org/10.1002/sim.4780080903},
doi = {10.1002/sim.4780080903},
pages = {1031--1040},
keywords = {Epidemiology, Methods, Measurement, Error, Diet, Nutrition},
year = {1989},
}
